@article{Holbourn1943,
  author  = {Holbourn}, 
  title   = {Mechanics of Head Injuries},
  journal = {The Lancet},
  year    = 1943,
  number  = 2,
  pages   = {438-441},
  month   = 10,
  volume  = 242,
}

@article{Giordano2014,
  author  = {Chiara Giordano and Svein Kleiven}, 
  title   = {Evaluation of Axonal Strain as a Predictor for Mild Traumatic Brain Injuries Using Finite Element Modeling},
  year    = 2014,
}

@article{Kleiven2005,
  author  = {S Kleiven}, 
  title   = {Evaluation of Head Injury Criteria using a Finite Element Model Validated Against Experiments on Localized Brain Motion, Intracerebral Acceleration, and Intracranial Pressure},
  journal = {Woodhead Publishing},
  year    = 2005,
  number  = 1,
  pages   = {65-79},
  volume  = 11,
}

@article{Hernandez2014,
  author  = {Fidel Hernandez}, 
  title   = {Six Degree-of-Freedom Measurements of Human Mild Traumatic Brain Injury},
  journal = {Biomedical Engineering Society},
  year    = 2014,
  number  = 8,
  pages   = {1918-1934},
  month   = 08,
  volume  = 43,
}

@article{Kornhauser1954,
  author  = {M. Kornhauser}, 
  title   = {Prediction and Evaluation of Sensitivity to Transient Accelerations},
  journal = {Journal of Applied Mechanics},
  year    = 1954,
  number  = 4,
  month   = 12,
  volume  = 21,
  pages   = {371-380},
}

@article{Laksari2018,
  author  = {Kaveh Laksari}, 
  title   = {Mechanistic Insights into Human Brain Impact Dynamics through Modal Analysis},
  journal = {American Physical Society},
  year    = 2018,
  number  = 13,
  month   = 09,
  volume  = 120,
}

@book{Schramm2018,
  author    = {Alec Schramm}, 
  title     = {The Mathematical Methods of Physics},
  year      = 2018,
  edition   = 1,
}

@article{Schmid2010,
  author  = {Peter Schmid}, 
  title   = {Dynamic Mode Decomposition of Numerical and Experimental Data},
  journal = {Journal of Fluid Mechanics},
  year    = 2010,
  month   = 03,
  volume  = 656,
  pages   = {5-28},
}
